<record><leader>00000cas a22000007a 4500</leader><controlfield tag="001">32583742</controlfield><controlfield tag="008">950601u1977uuuunyuwr ne      0    0eng d</controlfield><datafield ind1=" " ind2=" " tag="010"><subfield code="a">sn 95071183 </subfield></datafield><datafield ind1=" " ind2=" " tag="040"><subfield code="a">NYS</subfield><subfield code="b">eng</subfield><subfield code="c">NYS</subfield><subfield code="d">OCLCQ</subfield></datafield><datafield ind1=" " ind2=" " tag="042"><subfield code="a">msc</subfield></datafield><datafield ind1="0" ind2=" " tag="130"><subfield code="a">Examiner (Cheektowaga, N.Y.)</subfield></datafield><datafield ind1="1" ind2="4" tag="245"><subfield code="a">The examiner.</subfield></datafield><datafield ind1=" " ind2=" " tag="260"><subfield code="a">Cheektowaga, N.Y. :</subfield><subfield code="b">R.A. Maussner</subfield></datafield><datafield ind1=" " ind2=" " tag="300"><subfield code="a">v.</subfield></datafield><datafield ind1=" " ind2=" " tag="310"><subfield code="a">Weekly</subfield></datafield><datafield ind1="0" ind2=" " tag="362"><subfield code="a">Vol. 2, no. 15 (Apr. 14, 1977)-</subfield></datafield><datafield ind1=" " ind2=" " tag="500"><subfield code="a">"Serving Depew and Sloan Villages and Cheektowaga."</subfield></datafield><datafield ind1=" " ind2="4" tag="651"><subfield code="a">Depew (N.Y.)</subfield><subfield code="x">Newspapers</subfield><subfield code="y">1977-1978.</subfield></datafield><datafield ind1=" " ind2="4" tag="651"><subfield code="a">Sloan (N.Y.)</subfield><subfield code="x">Newspapers</subfield><subfield code="y">1977-1978.</subfield></datafield><datafield ind1=" " ind2="4" tag="651"><subfield code="a">Cheektowaga (N.Y.)</subfield><subfield code="v">Newspapers.</subfield></datafield><datafield ind1=" " ind2="4" tag="651"><subfield code="a">Erie County (N.Y.)</subfield><subfield code="v">Newspapers.</subfield></datafield><datafield ind1="0" ind2="0" tag="780"><subfield code="t">Cheektowaga examiner</subfield><subfield code="w">(DLC)sn 95071182</subfield><subfield code="w">(OCoLC)32583595</subfield></datafield><datafield ind1="0" ind2="1" tag="785"><subfield code="t">Examiner (Cheektowaga, N.Y. : Depew-Lancaster ed.)</subfield><subfield code="w">(DLC)sn 95071184</subfield></datafield><datafield ind1="1" ind2=" " tag="029"><subfield code="a">AU@</subfield><subfield code="b">000011809748</subfield></datafield></record>